@misc{1,
    title={\href{https://arxiv.org/abs/1911.13294}{Classification of distributed binary labeling problems}},
    author={Alkida Balliu and Sebastian Brandt and Yuval Efron and Juho Hirvonen and Yannic Maus and Dennis Olivetti and Jukka Suomela},
    year={2019},
    eprint={1911.13294},
    archivePrefix={arXiv},
    primaryClass={cs.DC}
}

@article{LB_MM,
  author    = {Alkida Balliu and
               Sebastian Brandt and
               Juho Hirvonen and
               Dennis Olivetti and
               Mika{\"{e}}l Rabie and
               Jukka Suomela},
  title     = {Lower bounds for maximal matchings and maximal independent sets},
  journal   = {CoRR},
  volume    = {abs/1901.02441},
  year      = {2019},
  url       = {http://arxiv.org/abs/1901.02441},
  archivePrefix = {arXiv},
  eprint    = {1901.02441},
  timestamp = {Thu, 28 Feb 2019 16:45:16 +0100},
  biburl    = {https://dblp.org/rec/journals/corr/abs-1901-02441.bib},
  bibsource = {dblp computer science bibliography, https://dblp.org}
}

@misc{round-eliminator,
    title={\href{https://github.com/olidennis/round-eliminator}{Round Eliminator: a tool for automatic speedup simulation}},
    author={Dennis Olivetti},
    year={2019},
}

@misc{3,
    title={\href{https://users.ics.aalto.fi/suomela/da/da-screen.pdf}{Survey of local algorithms}},
    author={Jukka Suomela},
    year={2019},
}


@article{DBLP:journals/corr/ChangKP16,
  author    = {Yi{-}Jun Chang and
               Tsvi Kopelowitz and
               Seth Pettie},
  title     = {An Exponential Separation Between Randomized and Deterministic Complexity
               in the {LOCAL} Model},
  journal   = {CoRR},
  volume    = {abs/1602.08166},
  year      = {2016},
  url       = {http://arxiv.org/abs/1602.08166},
  archivePrefix = {arXiv},
  eprint    = {1602.08166},
  timestamp = {Mon, 13 Aug 2018 16:46:45 +0200},
  biburl    = {https://dblp.org/rec/journals/corr/ChangKP16.bib},
  bibsource = {dblp computer science bibliography, https://dblp.org}
}

@article{DBLP:journals/corr/abs-1708-04290,
  author    = {Yi{-}Jun Chang and
               Qizheng He and
               Wenzheng Li and
               Seth Pettie and
               Jara Uitto},
  title     = {The Complexity of Distributed Edge Coloring with Small Palettes},
  journal   = {CoRR},
  volume    = {abs/1708.04290},
  year      = {2017},
  url       = {http://arxiv.org/abs/1708.04290},
  archivePrefix = {arXiv},
  eprint    = {1708.04290},
  timestamp = {Mon, 13 Aug 2018 16:47:12 +0200},
  biburl    = {https://dblp.org/rec/journals/corr/abs-1708-04290.bib},
  bibsource = {dblp computer science bibliography, https://dblp.org}
}

@misc{balliu2019locality,
    title={Locality of not-so-weak coloring},
    author={Alkida Balliu and Juho Hirvonen and Christoph Lenzen and Dennis Olivetti and Jukka Suomela},
    year={2019},
    eprint={1904.05627},
    archivePrefix={arXiv},
    primaryClass={cs.DC}
}